@Book{cr,
  title = {Representation Theory of Finite Groups and Associative Algebras},
  author = {Charles W. Curtis, Irvin Reiner},
  publisher = {Chelsea Pub Co},
  address = {},
  year = {2006},
  edition = {UK},
  note = {978-1138359420},
  url = {https://www.amazon.co.jp/Representation-Associative-Algebras-Chelsea-Publishing/dp/0821840665},
}

@Book{xie2015,
  title = {Dynamic Documents with {R} and knitr},
  author = {Yihui Xie},
  publisher = {Chapman and Hall/CRC},
  address = {Boca Raton, Florida},
  year = {2015},
  edition = {2nd},
  note = {978-0821840665},
  url = {https://duhi23.github.io/Analisis-de-datos/Yihue.pdf},
}

@Book{xie2017,
  title = {bookdown: Authoring Books and Technical Documents with R Markdown},
  author = {Yihui Xie},
  publisher = {Chapman and Hall/CRC},
  address = {Boca Raton, Florida},
  year = {2017},
  edition = {1st},
  note = {ISBN 978-1138469280},
  url = {https://bookdown.org/yihui/bookdown/},
}


@Book{xie2018,
  title = {R Markdown: The Definitive Guide},
  author = {Yihui Xie, J.J Allaire, Garret Grolemund},
  publisher = {Chapman and Hall/CRC},
  address = {Boca Raton, Florida},
  year = {2018},
  edition = {1st},
  note = {978-1138359420},
  url = {https://bookdown.org/yihui/rmarkdown/},
}

@article{terwilliger:1995,
  title={A new inequality for distance-regular graphs},
  author={Paul Terwilliger},
  journal={Discrete Math.},
  volume={137},
  number={1-3},
  pages={319--332},
  year={1995},
  publisher={Elsevier Sci. B. V.}
}
